<?xml version="1.0" encoding="UTF-8"?><collection xmlns="http://www.loc.gov/MARC21/slim"><record><leader>00728nam--2200205-u-4500</leader><controlfield tag="001">000055214</controlfield><controlfield tag="002">20161230</controlfield><controlfield tag="005">20161230201052</controlfield><controlfield tag="008">121126s1000------------r-----000-0-rus-d</controlfield><datafield ind1=" " ind2=" " tag="040"><subfield code="a">IFIN-HH</subfield></datafield><datafield ind1=" " ind2=" " tag="041"><subfield code="a">rus</subfield></datafield><datafield ind1=" " ind2=" " tag="080"><subfield code="a">538.951:539.3</subfield></datafield><datafield ind1="1" ind2=" " tag="100"><subfield code="a">Fisher, J. C</subfield></datafield><datafield ind1="1" ind2="0" tag="245"><subfield code="a">Dislokatii i mehaniceskie svoistva kristallov</subfield><subfield code="c">J. c. fisher, w. g. johnston, r. thomson, t. vreeland, jr. (eds.)</subfield></datafield><datafield ind1=" " ind2=" " tag="260"><subfield code="a">Moskva</subfield><subfield code="b">Inostrannoi Literaturi</subfield><subfield code="c">1960</subfield></datafield><datafield ind1=" " ind2=" " tag="300"><subfield code="a">552P</subfield></datafield><datafield ind1=" " ind2=" " tag="500"><subfield code="a">Titlul Original In Lmba Engleza: Dislocations And Mechanical Properties Of Crystals, An International Conference Held At Lake Placid September 6-8, 1956</subfield></datafield><datafield ind1="1" ind2=" " tag="700"><subfield code="a">Vreeland, Jr., T</subfield><subfield code="e">Ed</subfield></datafield><datafield ind1=" " ind2=" " tag="852"><subfield code="a">75280</subfield><subfield code="c">539.2</subfield></datafield><datafield ind1=" " ind2=" " tag="CAT"><subfield code="a">Sys</subfield><subfield code="c">20121126</subfield><subfield code="h">151638</subfield></datafield></record></collection>